<record><leader>00000cas a2200000 a 4500</leader><controlfield tag="001">33292928</controlfield><controlfield tag="007">hd bfu---baat</controlfield><controlfield tag="007">hd afu---bact</controlfield><controlfield tag="008">951013d19091916nbuwr nea     0    0eng d</controlfield><datafield ind1=" " ind2=" " tag="010"><subfield code="a">sn 95070330 </subfield></datafield><datafield ind1=" " ind2=" " tag="040"><subfield code="a">NVG</subfield><subfield code="b">eng</subfield><subfield code="c">NVG</subfield><subfield code="d">OCL</subfield><subfield code="d">OCLCQ</subfield><subfield code="d">OCLCF</subfield><subfield code="d">OCLCO</subfield></datafield><datafield ind1="1" ind2=" " tag="029"><subfield code="a">AU@</subfield><subfield code="b">000022178018</subfield></datafield><datafield ind1=" " ind2=" " tag="042"><subfield code="a">msc</subfield></datafield><datafield ind1=" " ind2=" " tag="043"><subfield code="a">n-us-nb</subfield></datafield><datafield ind1="0" ind2="4" tag="245"><subfield code="a">The Johnson County journal=tribunal</subfield><subfield code="h">[microform].</subfield></datafield><datafield ind1="1" ind2=" " tag="246"><subfield code="i">Title in publisher's box:</subfield><subfield code="a">Journal-tribunal</subfield></datafield><datafield ind1=" " ind2=" " tag="260"><subfield code="a">Tecumseh, Johnson County, Neb. :</subfield><subfield code="b">Journal-Tribunal Print. Co.,</subfield><subfield code="c">1909-1916.</subfield></datafield><datafield ind1=" " ind2=" " tag="300"><subfield code="a">7 v.</subfield></datafield><datafield ind1=" " ind2=" " tag="310"><subfield code="a">Weekly</subfield></datafield><datafield ind1="0" ind2=" " tag="362"><subfield code="a">Vol. 31, no. 41 (Dec. 2, 1909)-v. 37, no. 50 (Jan. 27, 1916).</subfield></datafield><datafield ind1=" " ind2=" " tag="515"><subfield code="a">Issues for Dec. 2, 1909-Jan. 6, 1910 called also v. 12, no. 2-v. 12, no. 7.</subfield></datafield><datafield ind1=" " ind2=" " tag="580"><subfield code="a">Formed by the union of: Johnson County journal (Tecumseh, Neb. : 1879), and: Johnson County tribunal.</subfield></datafield><datafield ind1=" " ind2=" " tag="533"><subfield code="a">Microfilm.</subfield><subfield code="m">1909-1916:[Lacks Apr. 11,1912]</subfield><subfield code="b">[Lincoln, Neb.] :</subfield><subfield code="c">Nebraska State Historical Society.</subfield><subfield code="e">3 microfilm reels ; 35 mm.</subfield></datafield><datafield ind1=" " ind2="0" tag="651"><subfield code="a">Tecumseh (Neb.)</subfield><subfield code="v">Newspapers.</subfield></datafield><datafield ind1=" " ind2="0" tag="651"><subfield code="a">Johnson County (Neb.)</subfield><subfield code="v">Newspapers.</subfield></datafield><datafield ind1=" " ind2="7" tag="655"><subfield code="a">Newspapers.</subfield><subfield code="2">fast</subfield><subfield code="0">(OCoLC)fst01423814</subfield></datafield><datafield ind1=" " ind2="7" tag="651"><subfield code="a">Nebraska</subfield><subfield code="z">Johnson County.</subfield><subfield code="2">fast</subfield><subfield code="0">(OCoLC)fst01212885</subfield></datafield><datafield ind1=" " ind2="7" tag="651"><subfield code="a">Nebraska</subfield><subfield code="z">Tecumseh.</subfield><subfield code="2">fast</subfield><subfield code="0">(OCoLC)fst01235684</subfield></datafield><datafield ind1=" " ind2=" " tag="752"><subfield code="a">United States</subfield><subfield code="b">Nebraska</subfield><subfield code="c">Johnson</subfield><subfield code="d">Tecumseh.</subfield></datafield><datafield ind1="1" ind2="4" tag="780"><subfield code="t">Johnson County journal (Tecumseh, Neb. : 1879)</subfield><subfield code="w">(DLC)sn 95070331</subfield></datafield><datafield ind1="1" ind2="4" tag="780"><subfield code="t">Johnson County tribunal</subfield><subfield code="w">(DLC)sn 95070328</subfield></datafield><datafield ind1="0" ind2="0" tag="785"><subfield code="t">Johnson County journal (Tecumseh, Neb. : 1916)</subfield><subfield code="w">(DLC)sn 95070329</subfield></datafield></record>